02RETORNO01COBRANCA       155700684832        NUCASH OPERADORA              341BANCO ITAU S.A.03061901600BPI00007040619                                                                                                                                                                                                                                                                                   000001
10228182427000177155700684832                                 00000000            109000000000             I540306190000003   00000000            000000000000000000034100000  000000000074100000000000000000000000000000000000000000000000000000000000000000000000000000000000000000000000000000000         00000000000000000000000                                                                      000002
9201341          000000000000000000000000000000          000000000000000000000000000000                                                  000000000000000000000000000000          0000000200000000002100  04/06S000070000000100000000000000                                                                                                                                                                000003
