02RETORNO01COBRANCA       155700684832        NUCASH OPERADORA              341BANCO ITAU S.A.28051901600BPI00006290519                                                                                                                                                                                                                                                                                   000001
10228182427000177155700684832        NUCASH                   00000017            109000000174             I02280519000000000000000017            30051900000000006003410686601000000000000000000000000000000000000000000000000000000000000000000000000000000000000000000000000000000010000000000000         00000000000000000000000VANDERLEI MOTA BATISTA                                                000002
10228182427000177155700684832        NUCASH                   00000017            109000000174             I06280519000000000000000017            30051900000000006006550001801000000000000000000000000000000000000000000000000000000000000000000000000000000000000000060000000000000000000000000000   29051900000000000000000000000VANDERLEI MOTA BATISTA                                              B7000003
9201341          000000000000000000000000000000          000000000000000000000000000000                                                  000000000000000000000000000000          0000000200000000002100  29/05S000060000000200000000001200                                                                                                                                                                000004
