02RETORNO01COBRANCA       155700684832        NUCASH OPERADORA              341BANCO ITAU S.A.08051901600BPI00003090519                                                                                                                                                                                                                                                                                   000001
10228182427000177155700684832        NUCASH                   00000014            109000000141             I02080519000000000000000014            15051900000000010003410686601000000000000000000000000000000000000000000000000000000000000000000000000000000000000000000000000000000020000000000000         00000000000000000000000VANDERLEI MOTA BATISTA                                                000002
10228182427000177155700684832        NUCASH                   00000014            109000000141             I06080519000000000000000014            15051900000000010006550001801000000000000000000000000000000000000000000000000000000000000000000000000000000000000000100000000000000000000000000000   09051900000000000000000000000VANDERLEI MOTA BATISTA                                              B7000003
9201341          000000000000000000000000000000          000000000000000000000000000000                                                  000000000000000000000000000000          0000000200000000002100  09/05S000030000000200000000002000                                                                                                                                                                000004
